@article{corey2021,
  title={Two randomized trials of neutralizing antibodies to prevent {HIV-1} acquisition},
  author={Corey, L and Gilbert, PB and Juraska, M and Montefiori, DC and Morris, L and others},
  journal={New England Journal of Medicine},
  volume={384},
  number={11},
  pages={1003--1014},
  year={2021}
}
@article{gilbert2019,
  title={Ongoing vaccine and monoclonal antibody {HIV} prevention efficacy trials and considerations for sequel efficacy trial designs},
  author={Gilbert, PB},
  year={2019},
  journal={Statistical Communications in Infectious Diseases},
  doi={10.1515/scid-2019-0003}
}
@article{lunn1995,
  title={Applying {Cox} regression to competing risks},
  author={Lunn, M and McNeil, D},
  journal={Biometrics},
  pages={524--532},
  year={1995}
}
@article{rotnitzky1995,
  title={Semiparametric regression estimation in the presence of dependent censoring},
  author={Rotnitzky, A and Robins, JM},
  journal={Biometrika},
  volume={82},
  number={4},
  pages={805--820},
  year={1995}
}
@article{gilbert2014,
  title={Optimal auxiliary-covariate-based two-phase sampling design for semiparametric efficient estimation of a mean or mean difference, with application to clinical trials},
  author={Gilbert, PB and Yu, X and Rotnitzky, A},
  journal={Statistics in Medicine},
  volume={33},
  number={6},
  pages={901--917},
  year={2014}
}
@article{yoon2015,
  title={{CATNAP}: a tool to compile, analyze and tally neutralizing antibody panels},
  author={Yoon, H and Macke, J and West Jr, AP and Foley, B and Bjorkman, PJ and Korber, B and Yusim, K},
  journal={Nucleic Acids Research},
  volume={43},
  number={W1},
  pages={W213--W219},
  year={2015}
}
@article{williamson2021,
  title={Super {L}e{A}rner {P}rediction of {NA}b {P}anels ({SLAPNAP}): a containerized tool for predicting combination monoclonal broadly neutralizing antibody sensitivity},
  author={Williamson, BD and Magaret, CA and Gilbert, PB and Nizam, S and Simmons, C and Benkeser, D},
  journal={Bioinformatics},
  volume={37},
  number={22},
  pages={4187--4192},
  year={2021}
}
